<?xml version="1.0" encoding="UTF-8"?><record xmlns="http://www.loc.gov/MARC21/slim" xmlns:cinclude="http://apache.org/cocoon/include/1.0" xmlns:zs="http://www.loc.gov/zing/srw/">
  <leader>00675cz  a2200193n  4500</leader>
  <controlfield tag="001">n 2004023129</controlfield>
  <controlfield tag="003">DLC</controlfield>
  <controlfield tag="005">20100519075443.0</controlfield>
  <controlfield tag="008">040218n| acannaabn          |n ana      </controlfield>
  <datafield tag="010" ind1=" " ind2=" ">
    <subfield code="a">n 2004023129</subfield>
  </datafield>
  <datafield tag="034" ind1=" " ind2=" ">
    <subfield code="d">E0084800</subfield>
    <subfield code="e">E0084800</subfield>
    <subfield code="f">N0401300</subfield>
    <subfield code="g">N0401300</subfield>
    <subfield code="2">geonet</subfield>
  </datafield>
  <datafield tag="035" ind1=" " ind2=" ">
    <subfield code="a">(OCoLC)oca06276003</subfield>
  </datafield>
  <datafield tag="040" ind1=" " ind2=" ">
    <subfield code="a">DLC</subfield>
    <subfield code="b">eng</subfield>
    <subfield code="c">DLC</subfield>
    <subfield code="d">OCoLC</subfield>
  </datafield>
  <datafield tag="043" ind1=" " ind2=" ">
    <subfield code="a">e-it---</subfield>
  </datafield>
  <datafield tag="151" ind1=" " ind2=" ">
    <subfield code="a">Borore (Italy)</subfield>
  </datafield>
  <datafield tag="670" ind1=" " ind2=" ">
    <subfield code="a">Bia 'e Carros, c2002:</subfield>
    <subfield code="b">p. 6, etc. (villaggio di Borore, in the Marghine region of Sardinia)</subfield>
  </datafield>
  <datafield tag="670" ind1=" " ind2=" ">
    <subfield code="a">GEOnet, Feb. 18, 2004</subfield>
    <subfield code="b">(Borore; PPL 40°13ʹN  008°48ʹE)</subfield>
  </datafield>
  <datafield tag="670" ind1=" " ind2=" ">
    <subfield code="a">Micronet CAP e prefissi telefonici</subfield>
    <subfield code="b">(Borore; province Nuoro, region Sardinia)</subfield>
  </datafield>
  <datafield tag="781" ind1=" " ind2="0">
    <subfield code="z">Italy</subfield>
    <subfield code="z">Borore</subfield>
  </datafield>
</record>